@TechReport{
  xml,
  author      = "Tim Bray and Jean Paoli and Eve Maler and Fran\c{c}ois Yergeau and C. M. Sperberg-McQueen",
  title       = "Extensible Markup Language ({XML}) 1.0 (Fifth Edition)",
  month       = nov,
  note        = "http://www.w3.org/TR/2008/REC-xml-20081126/",
  year        = "2008",
  type        = "{W3C} Recommendation",
  institution = "W3C",
}

@TechReport{
  xsd1,
  author      = "Priscilla Walmsley and David C. Fallside",
  title       = "{XML} Schema Part 0: Primer Second Edition",
  month       = oct,
  note        = "http://www.w3.org/TR/2004/REC-xmlschema-0-20041028/",
  year        = "2004",
  type        = "{W3C} Recommendation",
  institution = "W3C",
}

@TechReport{
  xsd2,
  author      = "Henry S. Thompson and Murray Maloney and David Beech and Noah Mendelsohn",
  title       = "{XML} Schema Part 1: Structures Second Edition",
  month       = oct,
  note        = "http://www.w3.org/TR/2004/REC-xmlschema-1-20041028/",
  year        = "2004",
  type        = "{W3C} Recommendation",
  institution = "W3C",
}

@TechReport{
  xsd3,
  author      = "Ashok Malhotra and Paul V. Biron",
  title       = "{XML} Schema Part 2: Datatypes Second Edition",
  month       = oct,
  note        = "http://www.w3.org/TR/2004/REC-xmlschema-2-20041028/",
  year        = "2004",
  type        = "{W3C} Recommendation",
  institution = "W3C",
}

@article{
 ic,
 author = {Buneman, Peter and Fan, Wenfei and Sim\'{e}on, J\'{e}r\^{o}me and Weinstein, Scott},
 title = {Constraints for semistructured data and XML},
 journal = {SIGMOD Rec.},
 volume = {30},
 issue = {1},
 month = {March},
 year = {2001},
 issn = {0163-5808},
 pages = {47--54},
 numpages = {8},
 publisher = {ACM},
 address = {New York, NY, USA},
}

@INPROCEEDINGS{
    fd,
    author = {Millist Vincent And and Millist W. Vincent and Jixue Liu},
    title = {Functional Dependencies for XML},
    booktitle = {In Fifth Asian Pacific Web Conference},
    year = {2003},
    pages = {22--34},
    publisher = {Springer}
}

﻿@incollection {
   satifFD,
   author = {Vincent, Millist and Liu, Jixue},
   affiliation = {School of Computer and Information Science, University of South Australia},
   title = {Checking Functional Dependency Satisfaction in XML},
   booktitle = {Database and XML Technologies},
   series = {Lecture Notes in Computer Science},
   editor = {Bressan, Stéphane and Ceri, Stefano and Hunt, Ela and Ives, Zachary and Bellahsène, Zohra and Rys, Michael and Unland, Rainer},
   publisher = {Springer Berlin / Heidelberg},
   pages = {578-579},
   volume = {3671},
   year = {2005}
}

﻿@incollection {
	RepAndConsistentAnswer,
   	author = "Flesca, S. and Furfaro, F. and Greco, S. and Zumpano, E.",
	title = "Repairs and Consistent Answers for XML Data with Functional Dependencies",
	booktitle = "Database and XML Technologies",
	series = "Lecture Notes in Computer Science",
	editor = "Bellahsène, Zohra and Chaudhri, Akmal and Rahm, Erhard and Rys, Michael and Unland, Rainer",
	publisher = "Springer Berlin / Heidelberg",
	pages = "238-253",
	volume = "2824",
	year = "2003"
}

﻿@incollection {
   QueryXML,
   author = {Flesca, S. and Furfaro, F. and Greco, S. and Zumpano, E.},
   affiliation = {D.E.I.S. – Università della Calabria, 87036 Rende (CS), Italy},
   title = {Querying and Repairing Inconsistent XML Data},
   booktitle = {Web Information Systems Engineering – WISE 2005},
   series = {Lecture Notes in Computer Science},
   editor = {Ngu, Anne and Kitsuregawa, Masaru and Neuhold, Erich and Chung, Jen-Yao and Sheng, Quan},
   publisher = {Springer Berlin / Heidelberg},
   pages = {175-188},
   volume = {3806},
   year = {2005}
}

﻿@incollection {
   ImprovingXML,
   author = {Tan, Zijing and Zhang, Liyong},
   affiliation = {School of Computer Science, Fudan University, Shanghai, China},
   title = {Improving XML Data Quality with Functional Dependencies},
   booktitle = {Database Systems for Advanced Applications},
   series = {Lecture Notes in Computer Science},
   editor = {Yu, Jeffrey and Kim, Myoung and Unland, Rainer},
   publisher = {Springer Berlin / Heidelberg},
   pages = {450-465},
   volume = {6587},
   year = {2011}
}

@book{
  ApproxAlgo,
  author    = {Vijay V. Vazirani},
  title     = {Approximation algorithms},
  publisher = {Springer},
  year      = {2001},
  isbn      = {978-3-540-65367-7},
  pages     = {I-IXI, 1-378},
}
