@inproceedings{1802522,
 author = {Vo\v{s}ta, Ond\v{r}ej and Ml\'{y}nkov\'{a}, Irena and Pokorn\'{y}, Jaroslav},
 title = {Even an ant can create an XSD},
 booktitle = {DASFAA'08: Proceedings of the 13th international conference on Database systems for advanced applications},
 year = {2008},
 isbn = {3-540-78567-1, 978-3-540-78567-5},
 pages = {35--50},
 location = {New Delhi, India},
 publisher = {Springer-Verlag},
 address = {Berlin, Heidelberg},
}

@phdthesis{44,
 author = {Ahonen, H.},
 title = {Generating grammars for structured documents using grammatical inference methods},
 school = {Department of Computer Science, University of Helsinki, Series of Publications A, Report A-1996-4}, 
 year = {1996}
}

@article{1224321,
 author = {Han, Yo-Sub and Wood, Derick},
 title = {Obtaining shorter regular expressions from finite-state automata},
 journal = {Theor. Comput. Sci.},
 volume = {370},
 number = {1-3},
 year = {2007},
 issn = {0304-3975},
 pages = {110--120},
 doi = {http://dx.doi.org/10.1016/j.tcs.2006.09.025},
 publisher = {Elsevier Science Publishers Ltd.},
 address = {Essex, UK},
 }

