@inproceedings{1802522,
 author = {Vo\v{s}ta, Ond\v{r}ej and Ml\'{y}nkov\'{a}, Irena and Pokorn\'{y}, Jaroslav},
 title = {Even an ant can create an XSD},
 booktitle = {DASFAA'08: Proceedings of the 13th international conference on Database systems for advanced applications},
 year = {2008},
 isbn = {3-540-78567-1, 978-3-540-78567-5},
 pages = {35--50},
 location = {New Delhi, India},
 publisher = {Springer-Verlag},
 address = {Berlin, Heidelberg},
}



@phdthesis{ahonen,
 author = {Ahonen, H.},
 title = {Generating grammars for structured documents using grammatical inference methods},
 school = {Department of Computer Science, University of Helsinki, Series of Publications A, Report A-1996-4},
 year = {1996}
}

@article{1224321,
 author = {Han, Yo-Sub and Wood, Derick},
 title = {Obtaining shorter regular expressions from finite-state automata},
 journal = {Theor. Comput. Sci.},
 volume = {370},
 number = {1-3},
 year = {2007},
 issn = {0304-3975},
 pages = {110--120},
 doi = {http://dx.doi.org/10.1016/j.tcs.2006.09.025},
 publisher = {Elsevier Science Publishers Ltd.},
 address = {Essex, UK},
 }

@misc{wikiregexp,
  title = {Regular expression},
  howpublished = {\url{http://en.wikipedia.org/wiki/Regular_expression}}
}

@misc{extendedcfg,
  title = {A Short Introduction to Regular Expressions and Context Free Grammars},
  author = {Norvell, Theodore},
  howpublished = {\url{http://www.engr.mun.ca/~theo/Courses/fm/pub/context-free.pdf}},
}

@book{automatatheory,
 author = {Hopcroft, John E. and Motwani, Rajeev and Ullman, Jeffrey D.},
 title = {Introduction to Automata Theory, Languages, and Computation (2nd Edition)},
 year = {2001},
 isbn = {0201441241},
 publisher = {Addison-Wesley},
}

@misc{jung,
  title = {Java Universal Network/Graph Framework},
  howpublished = {\url{http://jung.sourceforge.net/}}
}

@misc{graphviz,
  title = {Graph Visualization Software},
  howpublished = {\url{http://www.graphviz.org/}}
}

@book{archdoc,
  author = {Klempa, Michal and Mikula, M\'{a}rio and Smetana, Robert and \v{S}virec, Michal and Vit\'{a}sek, Matej},
  title = {jInfer Architecture},
  howpublished = {\url{http://jinfer.sourceforge.net/modules/architecture.pdf}},
}

@book{basedoc,
  author = {Klempa, Michal and Mikula, M\'{a}rio and Smetana, Robert and \v{S}virec, Michal and Vit\'{a}sek, Matej},
  title = {jInfer Base Module Description},
}

@book{basicdtddoc,
  author = {Klempa, Michal and Mikula, M\'{a}rio and Smetana, Robert and \v{S}virec, Michal and Vit\'{a}sek, Matej},
  title = {jInfer BasicDTDExporter Module Description},
}

@book{basiciggdoc,
  author = {Klempa, Michal and Mikula, M\'{a}rio and Smetana, Robert and \v{S}virec, Michal and Vit\'{a}sek, Matej},
  title = {jInfer BasicIGG Module Description},
}

@book{basicruledisplayerdoc,
  author = {Klempa, Michal and Mikula, M\'{a}rio and Smetana, Robert and \v{S}virec, Michal and Vit\'{a}sek, Matej},
  title = {jInfer BasicRuleDisplayer Module Description},
}

@book{twostepdoc,
  author = {Klempa, Michal and Mikula, M\'{a}rio and Smetana, Robert and \v{S}virec, Michal and Vit\'{a}sek, Matej},
  title = {jInfer TwoStep simplifier design and implementation},
}autoeditdoc

@book{autoeditordoc,
  author = {Klempa, Michal and Mikula, M\'{a}rio and Smetana, Robert and \v{S}virec, Michal and Vit\'{a}sek, Matej},
  title = {jInfer AutoEditor automaton visualization and editor module},
}

@misc{javadoc,
  author = {Klempa, Michal and Mikula, M\'{a}rio and Smetana, Robert and \v{S}virec, Michal and Vit\'{a}sek, Matej},
  title = {jInfer JavaDoc},
  howpublished = {\url{http://jinfer.sourceforge.net/javadoc}},
}


@misc{modules_api,
  title = {Module System API},
  howpublished = {\url{http://bits.netbeans.org/dev/javadoc/org-openide-modules/org/openide/modules/doc-files/api.html}}
}

@misc{lookup_api,
  title = {org.openide.util.Class Lookup},
  howpublished = {\url{http://bits.netbeans.org/dev/javadoc/org-openide-modules/org/openide/modules/doc-files/api.html}}
}

@misc{dtdparser,
	author = {Ronald Bourret},
	title = {DTD Parser, Version 2.0},
	howpublished = {\url{http://www.rpbourret.com/dtdparser/index.htm}},
}

@misc{log4j,
	title = {Apache log4jâ„¢},
	howpublished = {\url{http://logging.apache.org/log4j/}},
}

@misc{vyhnanovska,
	author = {Julie Vyhnanovsk\'{a}},
	title = {Automatic Construction of an XML Schema for a Given Set of XML Documents}
}

@misc{JAXB,
	title = {Java Architecture for XML Binding},
	howpublished = {\url{http://jaxb.java.net/}}
}

@misc{project_sample,
	title = {Project Sample Tutorial},
	howpublished = {\url{http://platform.netbeans.org/tutorials/nbm-projectsamples.html}}
}

@misc{xml_validate,
	title ={XML validation APi},
	howpublished = {\url{http://download.oracle.com/docs/cd/E17802_01/webservices/webservices/docs/1.6/api/javax/xml/validation/package-summary.html}}
}



MOJE:


@book{Walmsley:2007:XQU:1205865,
 author = {Walmsley, Priscilla},
 title = {XQuery},
 year = {2007},
 isbn = {0596006349},
 publisher = {O'Reilly Media, Inc.},
} 

@inproceedings{Necasky:2009:DXK:1529282.1529414,
 author = {Ne\v{c}ask\'{y}, Martin and Ml\'{y}nkov\'{a}, Irena},
 title = {Discovering XML keys and foreign keys in queries},
 booktitle = {Proceedings of the 2009 ACM symposium on Applied Computing},
 series = {SAC '09},
 year = {2009},
 isbn = {978-1-60558-166-8},
 location = {Honolulu, Hawaii},
 pages = {632--638},
 numpages = {7},
 url = {http://doi.acm.org/10.1145/1529282.1529414},
 doi = {http://doi.acm.org/10.1145/1529282.1529414},
 acmid = {1529414},
 publisher = {ACM},
 address = {New York, NY, USA},
 keywords = {DTD, XML schema, integrity constraints, schema inference},
}

@inproceedings{Mlynkova:2008:AAX:1494650.1495496,
 author = {Mlynkov\'{a}, Irena},
 title = {An Analysis of Approaches to XML Schema Inference},
 booktitle = {Proceedings of the 2008 IEEE International Conference on Signal Image Technology and Internet Based Systems},
 series = {SITIS '08},
 year = {2008},
 isbn = {978-0-7695-3493-0},
 pages = {16--23},
 numpages = {8},
 url = {http://dx.doi.org/10.1109/SITIS.2008.12},
 doi = {http://dx.doi.org/10.1109/SITIS.2008.12},
 acmid = {1495496},
 publisher = {IEEE Computer Society},
 address = {Washington, DC, USA},
 keywords = {XML schema, DTD, schema inference},
}

@TechReport{Marchiori:07:XQU,
  author      = "Massimo Marchiori and Don Chamberlin and Peter Fankhauser and Jonathan Robie and Daniela Florescu",
  title       = "{XML} Query Use Cases",
  month       = mar,
  note        = "http://www.w3.org/TR/2007/NOTE-xquery-use-cases-20070323/",
  year        = "2007",
  bibsource   = "http://w2.syronex.com/jmr/w3c-biblio",
  type        = "{W3C} Note",
  institution = "W3C",
}

@inproceedings{Mlynkova:2009:IXS:1862681.1862693,
 author = {Ml\'{y}nkov\'{a}, Irena},
 title = {On inference of XML schema with the knowledge of an obsolete one},
 booktitle = {Proceedings of the Twentieth Australasian Conference on Australasian Database - Volume 92},
 series = {ADC '09},
 year = {2009},
 isbn = {978-1-920682-73-6},
 location = {Wellington, New Zealand},
 pages = {77--84},
 numpages = {8},
 url = {http://dl.acm.org/citation.cfm?id=1862681.1862693},
 acmid = {1862693},
 publisher = {Australian Computer Society, Inc.},
 address = {Darlinghurst, Australia, Australia},
 keywords = {XML schema, schema correction, schema inference, validity},
}

@inproceedings{Garofalakis:2000:XSE:342009.335409,
 author = {Garofalakis, Minos and Gionis, Aristides and Rastogi, Rajeev and Seshadri, S. and Shim, Kyuseok},
 title = {XTRACT: a system for extracting document type descriptors from XML documents},
 booktitle = {Proceedings of the 2000 ACM SIGMOD international conference on Management of data},
 series = {SIGMOD '00},
 year = {2000},
 isbn = {1-58113-217-4},
 location = {Dallas, Texas, United States},
 pages = {165--176},
 numpages = {12},
 url = {http://doi.acm.org/10.1145/342009.335409},
 doi = {http://doi.acm.org/10.1145/342009.335409},
 acmid = {335409},
 publisher = {ACM},
 address = {New York, NY, USA},
}

@inproceedings{Vosta:2008:EAC:1802514.1802522,
 author = {Vo\v{s}ta, Ond\v{r}ej and Ml\'{y}nkov\'{a}, Irena and Pokorn\'{y}, Jaroslav},
 title = {Even an ant can create an XSD},
 booktitle = {Proceedings of the 13th international conference on Database systems for advanced applications},
 series = {DASFAA'08},
 year = {2008},
 isbn = {3-540-78567-1, 978-3-540-78567-5},
 location = {New Delhi, India},
 pages = {35--50},
 numpages = {16},
 url = {http://dl.acm.org/citation.cfm?id=1802514.1802522},
 acmid = {1802522},
 publisher = {Springer-Verlag},
 address = {Berlin, Heidelberg},
}
