@inproceedings{1802522,
 author = {Vo\v{s}ta, Ond\v{r}ej and Ml\'{y}nkov\'{a}, Irena and Pokorn\'{y}, Jaroslav},
 title = {Even an ant can create an XSD},
 booktitle = {DASFAA'08: Proceedings of the 13th international conference on Database systems for advanced applications},
 year = {2008},
 isbn = {3-540-78567-1, 978-3-540-78567-5},
 pages = {35--50},
 location = {New Delhi, India},
 publisher = {Springer-Verlag},
 address = {Berlin, Heidelberg},
}

@phdthesis{ahonen,
 author = {Ahonen, H.},
 title = {Generating grammars for structured documents using grammatical inference methods},
 school = {Department of Computer Science, University of Helsinki, Series of Publications A, Report A-1996-4},
 year = {1996}
}

@article{1224321,
 author = {Han, Yo-Sub and Wood, Derick},
 title = {Obtaining shorter regular expressions from finite-state automata},
 journal = {Theor. Comput. Sci.},
 volume = {370},
 number = {1-3},
 year = {2007},
 issn = {0304-3975},
 pages = {110--120},
 doi = {http://dx.doi.org/10.1016/j.tcs.2006.09.025},
 publisher = {Elsevier Science Publishers Ltd.},
 address = {Essex, UK},
 }

@misc{wikiregexp,
  title = {Regular expression},
  howpublished = {\url{http://en.wikipedia.org/wiki/Regular_expression}}
}

@misc{extendedcfg,
  title = {A Short Introduction to Regular Expressions and Context Free Grammars},
  author = {Norvell, Theodore},
  howpublished = {\url{http://www.engr.mun.ca/~theo/Courses/fm/pub/context-free.pdf}},
}

@book{automatatheory,
 author = {Hopcroft, John E. and Motwani, Rajeev and Ullman, Jeffrey D.},
 title = {Introduction to Automata Theory, Languages, and Computation (2nd Edition)},
 year = {2001},
 isbn = {0201441241},
 publisher = {Addison-Wesley},
}

@misc{jung,
  title = {Java Universal Network/Graph Framework},
  howpublished = {\url{http://jung.sourceforge.net/}}
}

@misc{graphviz,
  title = {Graph Visualization Software},
  howpublished = {\url{http://www.graphviz.org/}}
}

@book{archdoc,
  author = {Klempa, Michal and Mikula, M\'{a}rio and Smetana, Robert and \v{S}virec, Michal and Vit\'{a}sek, Matej},
  title = {jInfer Architecture},
  howpublished = {\url{http://jinfer.sourceforge.net/modules/architecture.pdf}},
}

@book{basedoc,
  author = {Klempa, Michal and Mikula, M\'{a}rio and Smetana, Robert and \v{S}virec, Michal and Vit\'{a}sek, Matej},
  title = {jInfer Base Module Description},
}

@book{basicdtddoc,
  author = {Klempa, Michal and Mikula, M\'{a}rio and Smetana, Robert and \v{S}virec, Michal and Vit\'{a}sek, Matej},
  title = {jInfer BasicDTDExporter Module Description},
}

@book{basiciggdoc,
  author = {Klempa, Michal and Mikula, M\'{a}rio and Smetana, Robert and \v{S}virec, Michal and Vit\'{a}sek, Matej},
  title = {jInfer BasicIGG Module Description},
}

@book{basicruledisplayerdoc,
  author = {Klempa, Michal and Mikula, M\'{a}rio and Smetana, Robert and \v{S}virec, Michal and Vit\'{a}sek, Matej},
  title = {jInfer BasicRuleDisplayer Module Description},
}

@book{twostepdoc,
  author = {Klempa, Michal and Mikula, M\'{a}rio and Smetana, Robert and \v{S}virec, Michal and Vit\'{a}sek, Matej},
  title = {jInfer TwoStep simplifier design and implementation},
}autoeditdoc

@book{autoeditordoc,
  author = {Klempa, Michal and Mikula, M\'{a}rio and Smetana, Robert and \v{S}virec, Michal and Vit\'{a}sek, Matej},
  title = {jInfer AutoEditor automaton visualization and editor module},
}

@misc{javadoc,
  author = {Klempa, Michal and Mikula, M\'{a}rio and Smetana, Robert and \v{S}virec, Michal and Vit\'{a}sek, Matej},
  title = {jInfer JavaDoc},
  howpublished = {\url{http://jinfer.sourceforge.net/javadoc}},
}


@misc{modules_api,
  title = {Module System API},
  howpublished = {\url{http://bits.netbeans.org/dev/javadoc/org-openide-modules/org/openide/modules/doc-files/api.html}}
}

@misc{lookup_api,
  title = {org.openide.util.Class Lookup},
  howpublished = {\url{http://bits.netbeans.org/dev/javadoc/org-openide-modules/org/openide/modules/doc-files/api.html}}
}

@misc{dtdparser,
	author = {Ronald Bourret},
	title = {DTD Parser, Version 2.0},
	howpublished = {\url{http://www.rpbourret.com/dtdparser/index.htm}},
}

@misc{log4j,
	title = {Apache log4jâ„¢},
	howpublished = {\url{http://logging.apache.org/log4j/}},
}

@misc{vyhnanovska,
	author = {Julie Vyhnanovsk\'{a}},
	title = {Automatic Construction of an XML Schema for a Given Set of XML Documents}
}

@misc{JAXB,
	title = {Java Architecture for XML Binding},
	howpublished = {\url{http://jaxb.java.net/}}
}

@misc{project_sample,
	title = {Project Sample Tutorial},
	howpublished = {\url{http://platform.netbeans.org/tutorials/nbm-projectsamples.html}}
}

@misc{xml_validate,
	title ={XML validation APi},
	howpublished = {\url{http://download.oracle.com/docs/cd/E17802_01/webservices/webservices/docs/1.6/api/javax/xml/validation/package-summary.html}}
}
