@inproceedings{Bex:2008:SSI:1376616.1376750,
 author = {Bex, Geert Jan and Neven, Frank and Vansummeren, Stijn},
 title = {SchemaScope: a system for inferring and cleaning XML schemas},
 booktitle = {Proceedings of the 2008 ACM SIGMOD international conference on Management of data},
 series = {SIGMOD '08},
 year = {2008},
 isbn = {978-1-60558-102-6},
 location = {Vancouver, Canada},
 pages = {1259--1262},
 numpages = {4},
 url = {http://doi.acm.org/10.1145/1376616.1376750},
 doi = {http://doi.acm.org/10.1145/1376616.1376750},
 acmid = {1376750},
 publisher = {ACM},
 address = {New York, NY, USA},
 keywords = {regular expressions, schema inference, xml},
} 

@inproceedings{Bex:2006:ICD:1182635.1164139,
 author = {Bex, Geert Jan and Neven, Frank and Schwentick, Thomas and Tuyls, Karl},
 title = {Inference of concise DTDs from XML data},
 booktitle = {Proceedings of the 32nd international conference on Very large data bases},
 series = {VLDB '06},
 year = {2006},
 location = {Seoul, Korea},
 pages = {115--126},
 numpages = {12},
 url = {http://portal.acm.org/citation.cfm?id=1182635.1164139},
 acmid = {1164139},
 publisher = {VLDB Endowment},
} 

@inproceedings{Bex:2007:IXS:1325851.1325964,
 author = {Bex, Geert Jan and Neven, Frank and Vansummeren, Stijn},
 title = {Inferring XML schema definitions from XML data},
 booktitle = {Proceedings of the 33rd international conference on Very large data bases},
 series = {VLDB '07},
 year = {2007},
 isbn = {978-1-59593-649-3},
 location = {Vienna, Austria},
 pages = {998--1009},
 numpages = {12},
 url = {http://portal.acm.org/citation.cfm?id=1325851.1325964},
 acmid = {1325964},
 publisher = {VLDB Endowment},
} 

@inproceedings{1802522,
 author = {Vo\v{s}ta, Ond\v{r}ej and Ml\'{y}nkov\'{a}, Irena and Pokorn\'{y}, Jaroslav},
 title = {Even an ant can create an XSD},
 booktitle = {DASFAA'08: Proceedings of the 13th international conference on Database systems for advanced applications},
 year = {2008},
 isbn = {3-540-78567-1, 978-3-540-78567-5},
 pages = {35--50},
 location = {New Delhi, India},
 publisher = {Springer-Verlag},
 address = {Berlin, Heidelberg},
}

@phdthesis{ahonen,
 author = {Ahonen, H.},
 title = {Generating grammars for structured documents using grammatical inference methods},
 school = {Department of Computer Science, University of Helsinki, Series of Publications A, Report A-1996-4},
 year = {1996}
}

@misc{vyhnanovska,
	author = {Julie Vyhnanovsk\'{a}},
	title = {Automatic Construction of an XML Schema for a Given Set of XML Documents}
}

@article{Garofalakis:2000:XSE:335191.335409,
 author = {Garofalakis, Minos and Gionis, Aristides and Rastogi, Rajeev and Seshadri, S. and Shim, Kyuseok},
 title = {XTRACT: a system for extracting document type descriptors from XML documents},
 journal = {SIGMOD Rec.},
 volume = {29},
 issue = {2},
 month = {May},
 year = {2000},
 issn = {0163-5808},
 pages = {165--176},
 numpages = {12},
 url = {http://doi.acm.org/10.1145/335191.335409},
 doi = {http://doi.acm.org/10.1145/335191.335409},
 acmid = {335409},
 publisher = {ACM},
 address = {New York, NY, USA},
} 

@misc{netbeans,
  title = {NetBeans Platform},
  howpublished = {\url{http://netbeans.org/features/platform/}}
}
