@incollection {fidax,
   author = {Barbosa, Denilson and Mendelzon, Alberto},
   affiliation = {University of Toronto, Toronto, Ontario, Canada},
   title = {Finding ID Attributes in XML Documents},
   booktitle = {Database and XML Technologies},
   series = {Lecture Notes in Computer Science},
   editor = {Bellahsene, Zohra and Chaudhri, Akmal and Rahm, Erhard and Rys, Michael and Unland, Rainer},
   publisher = {Springer Berlin / Heidelberg},
   isbn = {},
   pages = {180-194},
   volume = {2824},
   url = {http://dx.doi.org/10.1007/978-3-540-39429-7_12},
   note = {10.1007/978-3-540-39429-7\_12},
   year = {2003}
}

@inproceedings{keX,
 author = {Buneman, Peter and Davidson, Susan and Fan, Wenfei and Hara, Carmem and Tan, Wang-Chiew},
 title = {Keys for XML},
 booktitle = {Proceedings of the 10th international conference on World Wide Web},
 series = {WWW '01},
 year = {2001},
 isbn = {1-58113-348-0},
 location = {Hong Kong, Hong Kong},
 pages = {201--210},
 numpages = {10},
 url = {http://doi.acm.org/10.1145/371920.371984},
 doi = {http://doi.acm.org/10.1145/371920.371984},
 acmid = {371984},
 publisher = {ACM},
 address = {New York, NY, USA},
 keywords = {keys, relative keys},
} 

@inproceedings{1802522,
 author = {Vo\v{s}ta, Ond\v{r}ej and Ml\'{y}nkov\'{a}, Irena and Pokorn\'{y}, Jaroslav},
 title = {Even an ant can create an XSD},
 booktitle = {DASFAA'08: Proceedings of the 13th international conference on Database systems for advanced applications},
 year = {2008},
 isbn = {3-540-78567-1, 978-3-540-78567-5},
 pages = {35--50},
 location = {New Delhi, India},
 publisher = {Springer-Verlag},
 address = {Berlin, Heidelberg},
}

@misc{gnuplot,
	title = {GnuPlot, An Interactive Plotting Program},
	howpublished = {http://www.gnuplot.info/}
}

@misc{gnuplot-manual,
	title = {GnuPlot Manual},
	author = {Kelley, Williams},
	howpublished = {http://www.gnuplot.info/}
}

@phdthesis{ahonen,
 author = {Ahonen, H.},
 title = {Generating grammars for structured documents using grammatical inference methods},
 school = {Department of Computer Science, University of Helsinki, Series of Publications A, Report A-1996-4},
 year = {1996}
}

@article{1224321,
 author = {Han, Yo-Sub and Wood, Derick},
 title = {Obtaining shorter regular expressions from finite-state automata},
 journal = {Theor. Comput. Sci.},
 volume = {370},
 number = {1-3},
 year = {2007},
 issn = {0304-3975},
 pages = {110--120},
 doi = {http://dx.doi.org/10.1016/j.tcs.2006.09.025},
 publisher = {Elsevier Science Publishers Ltd.},
 address = {Essex, UK},
 }

@misc{wikiregexp,
  title = {Regular expression},
  howpublished = {\url{http://en.wikipedia.org/wiki/Regular_expression}}
}

@misc{extendedcfg,
  title = {A Short Introduction to Regular Expressions and Context Free Grammars},
  author = {Norvell, Theodore},
  howpublished = {\url{http://www.engr.mun.ca/~theo/Courses/fm/pub/context-free.pdf}},
}

@book{automatatheory,
 author = {Hopcroft, John E. and Motwani, Rajeev and Ullman, Jeffrey D.},
 title = {Introduction to Automata Theory, Languages, and Computation (2nd Edition)},
 year = {2001},
 isbn = {0201441241},
 publisher = {Addison-Wesley},
}

@misc{graphviz,
  title = {Graph Visualization Software},
  howpublished = {\url{http://www.graphviz.org/}}
}

@book{archdoc,
  author = {Klempa, Michal and Mikula, M\'{a}rio and Smetana, Robert and \v{S}virec, Michal and Vit\'{a}sek, Matej},
  title = {jInfer Architecture},
  year = {2011},
  howpublished = {\url{http://jinfer.sourceforge.net/modules/architecture.pdf}},
}

@book{basedoc,
  author = {Klempa, Michal and Mikula, M\'{a}rio and Smetana, Robert and \v{S}virec, Michal and Vit\'{a}sek, Matej},
  title = {jInfer Base Module Description},
  year = {2011}
}

@book{basicdtddoc,
  author = {Klempa, Michal and Mikula, M\'{a}rio and Smetana, Robert and \v{S}virec, Michal and Vit\'{a}sek, Matej},
  title = {jInfer BasicDTDExporter Module Description},
  year = {2011}
}

@book{basiciggdoc,
  author = {Klempa, Michal and Mikula, M\'{a}rio and Smetana, Robert and \v{S}virec, Michal and Vit\'{a}sek, Matej},
  title = {jInfer BasicIGG Module Description},
  year = {2011}
}

@book{basicruledisplayerdoc,
  author = {Klempa, Michal and Mikula, M\'{a}rio and Smetana, Robert and \v{S}virec, Michal and Vit\'{a}sek, Matej},
  title = {jInfer BasicRuleDisplayer Module Description},
  year = {2011}
}

@book{twostepdoc,
  author = {Klempa, Michal and Mikula, M\'{a}rio and Smetana, Robert and \v{S}virec, Michal and Vit\'{a}sek, Matej},
  title = {jInfer TwoStep simplifier design and implementation},
  year = {2011}
}autoeditdoc

@book{autoeditordoc,
  author = {Klempa, Michal and Mikula, M\'{a}rio and Smetana, Robert and \v{S}virec, Michal and Vit\'{a}sek, Matej},
  title = {jInfer AutoEditor automaton visualization and editor module},
  year = {2011}
}

@misc{javadoc,
  author = {Klempa, Michal and Mikula, M\'{a}rio and Smetana, Robert and \v{S}virec, Michal and Vit\'{a}sek, Matej},
  title = {jInfer JavaDoc},
  year = {2011},
  howpublished = {\url{http://jinfer.sourceforge.net/javadoc}},
}

@misc{vyhnanovska,
  author = {Julie Vyhnanovsk\'{a}},
  title = {Automatic Construction of an XML Schema for a Given Set of XML Documents}
}

@misc{JAXB,
  title = {Java Architecture for XML Binding},
  howpublished = {\url{http://jaxb.java.net/}}
}

